
@Book{meyers2014effective,
    author = {Meyers, Scott},
    title = {{Effective modern C++ : 42 specific ways to improve your use of C++11 and C++14}},
    publisher = {O'Reilly Media},
    year = {2014},
    address = {Sebastopol, CA},
    isbn = {9781491903995}
}

@misc{RustBook,
    author = {The Rust Project},
    title = {{The Rust Programming Language}},
    year = {2015},
    howpublished = "\url{https://doc.rust-lang.org/stable/book/}",
    note = "[Online; accessed 12-November-2015]",
}


@misc{cppCheckHSutter,
    author = {Sutter, Herb},
    title = {{Writing good C++14 ... by Default}},
    howpublished = "\url{https://github.com/isocpp/CppCoreGuidelines/blob/master/talks/Sutter%20-%20CppCon%202015%20day%202%20plenary%20.pdf}",
    note = "[Online; accessed 12-November-2015]",
    date = {2015}
}


@TECHREPORT{ExternalUniqueness,
    author = {Clarke, Dave and Wrigstad, Tobias},
    year = 2002,
    title = {External Uniqueness is Unique Enough},
    number = {UU-CS-2002-048},
    institution = {Department of Information and Computing Sciences, Utrecht University},
    urlps = {{http://www.cs.uu.nl/research/techreps/repo/CS-2002/2002-048.ps.gz}},
    urlpdf = {{http://www.cs.uu.nl/research/techreps/repo/CS-2002/2002-048.pdf}},
    pubcat = {techreport}
}

@BOOK{DLangProgramming,
    title={Programming in D: Tutorial and Reference},
    author={Ali Cehreli},
    publisher={CreateSpace Independent Publishing Platform},
    year={2015},
    month={8},
    edition={1},
    isbn={9781515074601},
    url={http://amazon.com/o/ASIN/1515074609/},
    price={$31.50},
    totalpages={760},
    timestamp={2015.11.15},
}

@incollection{stroustrupFoundationsCpp,
    year={2012},
    isbn={978-3-642-28868-5},
    booktitle={Programming Languages and Systems},
    volume={7211},
    series={Lecture Notes in Computer Science},
    editor={Seidl, Helmut},
    doi={10.1007/978-3-642-28869-2_1},
    title={Foundations of C++},
    url={http://dx.doi.org/10.1007/978-3-642-28869-2_1},
    publisher={Springer Berlin Heidelberg},
    keywords={C++; programming style; fundamental techniques},
    author={Stroustrup, Bjarne},
    pages={1-25},
    language={English}
}

@misc{pythonDoc,
    author = {{Python Software Foundation}},
    year = 2015,
    title = {{Python 2.7.10 Documentation}},
    howpublished = "\url{docs.python.org/2/}",
    note = "[Online; accessed 12-November-2015]",
}



@techreport{cpp14std,
    title = {{Working Draft, Standard for Programming Language C++}},
    number = N4296,
    year = 2015,
    note = "N4296",
    howpublished = "\url{http://www.open-std.org/jtc1/sc22/wg21/docs/papers/2014/n4296.pdf}"
}


@Comment{ old page: http://www.stroustrup.com/bs_faq2.html#finally }
@misc{isoCppFAQ,
    author = {Stroustrup, Bjarne},
    title = {{FAQ}},
    howpublished = "\url{https://isocpp.org/faq}",
    note = "[Online; accessed 15-November-2015]",
}

 